@book{Melnikov2012,
author="Melnikov, Yu. A. and Melnikov, Max Y.",
title="Green's Functions. Construction and Applications",
year="2012",
publisher="Berlin, Boston: De Gruyter"
}


@book{Melnikov2011,
author="Melnikov, Yu. A.",
title="Green's Functions and Infinite Products: Bridging the Divide",
year="2011",
publisher="Birkh{\"a}user Boston"
}


@book{Melnikov1998,
author="Melnikov, Yuri",
title="Influence functions and matrices",
year="1998",
publisher="CRC Press"
}


@book{Fasshauer2016,
  title={Kernel-based approximation methods using {M}atlab},
  author={Fasshauer, Gregory E and McCourt, Michael},
  year={2016},
  publisher={World Scientific}
}


@book{Hartmann2013,
author={Hartmann, Friedel},
title={Green's Functions and Finite Elements},
year={2013},
publisher={Springer Berlin Heidelberg},
address={Berlin, Heidelberg},
pages={1--34},
isbn={978-3-642-29523-2}
}


@inproceedings{Tottenham1970,
  title={Basic principles},
  author={Tottenham, H},
  booktitle={Finite Element Techniques in Structural Mechanics},
  year={1970},
  organization={Southampton Univ. Press, Southampton}
}


@article{Melnikov1996,
  title={Boundary element approach based on {G}reen's functions},
  author={Melnikov, YA and Hughes, S and McDaniel, S},
  journal={WIT Transactions on Modelling and Simulation},
  volume={15},
  year={1996},
  publisher={WIT Press},
  doi={10.2495/BT960301}
}


@article{Berger1958,
author = "Berger, J. M. and Lasher, G. J.",
fjournal = "Illinois Journal of Mathematics",
journal = "Illinois J. Math.",
month = "11",
number = "4A",
pages = "593--607",
publisher = "University of Illinois at Urbana-Champaign, Department of Mathematics",
title = "The use of discrete {G}reen's functions in the numerical solution of {P}oisson's equation",
url = "http://projecteuclid.org/euclid.ijm/1255454119",
volume = "2",
year = "1958"
}


@article {Gallof1969,
author = {Gallof, S. and Kaplan, B.},
title = {Numerical solution and utilization of {G}reen's functions},
journal = {International Journal for Numerical Methods in Engineering},
volume = {1},
number = {2},
publisher = {John Wiley & Sons, Ltd},
issn = {1097-0207},
url = {http://dx.doi.org/10.1002/nme.1620010205},
doi = {10.1002/nme.1620010205},
pages = {169--175},
year = {1969}
}


@article{Reshniak2013,
  title={Some Further Developments in the Infinite Product Representation of Elementary Functions},
  author={Reshniak, Viktor},
  journal={Global Journal of Science Frontier Research},
  volume={13},
  number={4},
  year={2013},
  url = {https://journalofscience.org/index.php/GJSFR/article/view/853}
}


@book{Duffy2001,
  title={Green’s functions with applications},
  author={Duffy, Dean G},
  year={2001},
  publisher={CRC Press}
}


@article{Giles2008,
author = {Giles, Michael B.},
title = {Multilevel {M}onte {C}arlo Path Simulation},
journal = {Operations Research},
volume = {56},
number = {3},
pages = {607-617},
year = {2008},
doi = {10.1287/opre.1070.0496}   
}


@inproceedings{Atkinson1997,
  title={The numerical solution of boundary integral equations},
  author={Atkinson, Kendall E},
  booktitle={Institute of mathematics and its applications conference series},
  volume={63},
  pages={223--260},
  year={1997},
  organization={Oxford University Press}
}


@article{Atkinson1991,
  title={The numerical solution of first-kind logarithmic-kernel integral equations on smooth open arcs},
  author={Atkinson, Kendall E and Sloan, Ian H},
  journal={Mathematics of computation},
  volume={56},
  number={193},
  pages={119--139},
  year={1991},
  doi={https://doi.org/10.1090/S0025-5718-1991-1052084-0}
}



@article{GRAHAM1985,
author = {Graham, Ivan G. and Joe, Stephen and Sloan, Ian H.}, 
title = {Iterated {G}alerkin versus Iterated Collocation for Integral Equations of the Second Kind},
volume = {5}, 
number = {3}, 
pages = {355-369}, 
year = {1985}, 
doi = {10.1093/imanum/5.3.355}, 
journal = {IMA Journal of Numerical Analysis} 
}


@Article{Jeon1997,
author="Jeon, Y.
and Sloan, I.H.
and Stephan, E.P.
and Elschner, J.",
title="Discrete qualocation methods for logarithmic-kernel integral equations on a piecewise smooth boundary",
journal="Advances in Computational Mathematics",
year="1997",
volume="7",
number="4",
pages="547--571",
issn="1572-9044",
doi="10.1023/A:1018967424040"
}




@article{Cheng1995,
title = "Some numerical results using the modified {N}ystr{\"o}m method to solve the 2-{D} potential problem",
journal = "Engineering Analysis with Boundary Elements",
volume = "14",
number = "4",
pages = "335 - 342",
year = "1994",
note = "",
issn = "0955-7997",
doi = "http://dx.doi.org/10.1016/0955-7997(94)90063-9",
author = "R.S.-C. Cheng"
}


@article{Sloan2000,
title = "Qualocation ",
journal = "Journal of Computational and Applied Mathematics ",
volume = "125",
number = "1–2",
pages = "461 - 478",
year = "2000",
issn = "0377-0427",
doi = "http://dx.doi.org/10.1016/S0377-0427(00)00485-4",
author = "Ian H Sloan"
}



@article{Sloan1992,
author = "Sloan, Ian H. and Burn, B.J.",
doi = "10.1216/jiea/1181075670",
fjournal = "Journal of Integral Equations and Applications",
journal = "J. Integral Equations Applications",
month = "03",
number = "1",
pages = "117--151",
publisher = "Rocky Mountain Mathematics Consortium",
title = "An Unconventional Quadrature Method for Logarithmic-Kernel Integral Equations on Closed Curves",
volume = "4",
year = "1992"
}


@article{Cheng1993,
author = "Cheng, R.S.-C.",
doi = "10.1216/jiea/1181075742",
fjournal = "Journal of Integral Equations and Applications",
journal = "J. Integral Equations Applications",
month = "06",
number = "2",
pages = "167--194",
publisher = "Rocky Mountain Mathematics Consortium",
title = "On Using a Modified {N}ystr{\"o}m Method to Solve the 2-{D} Potential Problem",
volume = "5",
year = "1993"
}


@article{Yan1988,
author = "Yan, Y. and Sloan, I.H.",
doi = "10.1216/JIE-1988-1-4-549",
fjournal = "Journal of Integral Equations and Applications",
journal = "J. Integral Equations Applications",
month = "12",
number = "4",
pages = "549--580",
publisher = "Rocky Mountain Mathematics Consortium",
title = "On integral equations of the first kind with logarithmic kernels",
volume = "1",
year = "1988"
}


@article{Jaswon1963,
	author = {Jaswon, M. A.},
	title = {Integral Equation Methods in Potential Theory. {I}},
	volume = {275},
	number = {1360},
	pages = {23--32},
	year = {1963},
	doi = {10.1098/rspa.1963.0152},
	publisher = {The Royal Society},
	issn = {0080-4630},
	journal = {Proceedings of the Royal Society of London A: Mathematical, Physical and Engineering Sciences}
}


@article{Symm1963,
	author = {Symm, G. T.},
	title = {Integral Equation Methods in Potential Theory. {II}},
	volume = {275},
	number = {1360},
	pages = {33--46},
	year = {1963},
	doi = {10.1098/rspa.1963.0153},
	publisher = {The Royal Society},
	issn = {0080-4630},
	journal = {Proceedings of the Royal Society of London A: Mathematical, Physical and Engineering Sciences}
}



@article{Melnikov2014,
title = "A semi-analytical approach to {Green's} functions for heat equation in regions of irregular shape ",
journal = "Engineering Analysis with Boundary Elements ",
volume = "46",
number = "",
pages = "108 - 115",
year = "2014",
note = "",
issn = "0955-7997",
doi = "http://dx.doi.org/10.1016/j.enganabound.2014.05.012",
author = "Yu. A. Melnikov and V. Reshniak"
}


@article{Melnikov1977,
title = "Some applications of the {G}reens' function method in mechanics",
journal = "International Journal of Solids and Structures",
volume = "13",
number = "11",
pages = "1045 - 1058",
year = "1977",
note = "",
issn = "0020-7683",
doi = "http://dx.doi.org/10.1016/0020-7683(77)90075-0",
author = "Yu.A. Melnikov"
}

@article {Nouy2010,
author = {Nouy, A. and Clément, A.},
title = {e{X}tended {S}tochastic {F}inite {E}lement {M}ethod for the numerical simulation of heterogeneous materials with random material interfaces},
journal = {International Journal for Numerical Methods in Engineering},
volume = {83},
number = {10},
publisher = {John Wiley & Sons, Ltd.},
issn = {1097-0207},
doi = {10.1002/nme.2865},
pages = {1312--1344},
year = {2010}
}


@Article{Lang2013,
author="Lang, Christapher
and Doostan, Alireza
and Maute, Kurt",
title="Extended stochastic {FEM} for diffusion problems with uncertain material interfaces",
journal="Computational Mechanics",
year="2013",
volume="51",
number="6",
pages="1031--1049",
issn="1432-0924",
doi={10.1007/s00466-012-0785-8}
}

@Article{Manolis1996,
author="Manolis, G. D.
and Shaw, R. P.",
title="Boundary integral formulation for 2D and 3D thermal problems exibiting a linearly varying stochastic conductivity",
journal="Computational Mechanics",
year="1996",
volume="17",
number="6",
pages="406--417",
doi="https://doi.org/10.1007/BF00363984"
}


@article {Neuman1996,
author = {Neuman, S. P. and Tartakovsky, D. and Wallstrom, T. C. and Winter, C. L.},
title = {Correction to “Prediction of Steady State Flow in Nonuniform Geologic Media by Conditional Moments: Exact Nonlocal Formalism, Effective Conductivities, and Weak Approximation” by Shlomo P. Neuman and Shlomo Orr},
journal = {Water Resources Research},
volume = {32},
number = {5},
issn = {1944-7973},
doi = {10.1029/96WR00489},
pages = {1479--1480},
year = {1996}
}



@article {Neuman1993,
author = {Neuman, Shlomo P. and Orr, Shlomo},
title = {Prediction of steady state flow in nonuniform geologic media by conditional moments: Exact nonlocal formalism, effective conductivities, and weak approximation},
journal = {Water Resources Research},
volume = {29},
number = {2},
issn = {1944-7973},
doi = {10.1029/92WR02062},
pages = {341--364},
year = {1993}
}



@article{BarajasSolano2013,
	author  = {David A.   Barajas-Solano and Daniel M. Tartakovsky},
	title   = {COMPUTING {G}REEN'S FUNCTIONS FOR FLOW IN HETEROGENEOUS COMPOSITE MEDIA},
	journal = {International Journal for Uncertainty Quantification},
	issn    = {2152-5080},
	year    = {2013},
	volume  = {3},
	number  = {1},
	pages   = {39--46},
	doi={10.1615/Int.J.UncertaintyQuantification.2012003671}
}



@article{Collins2015,
	author  = {J. B.  Collins and Donald Estep and Simon Tavener},
	title   = {A POSTERIORI ERROR ESTIMATION FOR A CUT CELL FINITE VOLUME METHOD WITH UNCERTAIN INTERFACE LOCATION},
	journal = {International Journal for Uncertainty Quantification},
	issn    = {2152-5080},
	year    = {2015},
	volume  = {5},
	number  = {5},
	pages   = {415--432},
	doi={10.1615/Int.J.UncertaintyQuantification.2015012533}
}


@article{Nouy2011,
title = "Fictitious domain method and separated representations for the solution of boundary value problems on uncertain parameterized domains ",
journal = "Computer Methods in Applied Mechanics and Engineering ",
volume = "200",
number = "45–46",
pages = "3066 - 3082",
year = "2011",
note = "",
issn = "0045-7825",
doi = "http://dx.doi.org/10.1016/j.cma.2011.07.002",
author = "A. Nouy and M. Chevreuil and E. Safatly"
}




@article{Nouy2007,
author = { Anthony   Nouy  and  Franck   Schoefs  and  Nicolas   Moës },
title = {{X-SFEM}, a computational technique based on {X-FEM} to deal with random shapes},
journal = {European Journal of Computational Mechanics},
volume = {16},
number = {2},
pages = {277-293},
year = {2007},
doi = {10.3166/remn.16.277-293}
}



@article{Park2012,
title = "Impact of endothelium roughness on blood flow ",
journal = "Journal of Theoretical Biology ",
volume = "300",
number = "",
pages = "152 - 160",
year = "2012",
issn = "0022-5193",
doi = "http://dx.doi.org/10.1016/j.jtbi.2012.01.017",
author = "Sang Woo Park and Marcos Intaglietta and Daniel M. Tartakovsky"
}



@book{Tsong2005,
  title={Atom-Probe Field Ion Microscopy: Field Ion Emission, and Surfaces and Interfaces at Atomic Resolution},
  author={Tsong, Tien T},
  year={2005},
  publisher={Cambridge University Press}
}


@article{Zayernouri2013,
title = "Stochastic smoothed profile method for modeling random roughness in flow problems ",
journal = "Computer Methods in Applied Mechanics and Engineering ",
volume = "263",
number = "",
pages = "99 - 112",
year = "2013",
issn = "0045-7825",
doi = "http://dx.doi.org/10.1016/j.cma.2013.05.007",
author = "Mohsen Zayernouri and Sang-Woo Park and Daniel M. Tartakovsky and George Em Karniadakis"
}




@article{Honda2005,
title = "Stochastic {BEM} with spectral approach in elastostatic and elastodynamic problems with geometrical uncertainty ",
journal = "Engineering Analysis with Boundary Elements ",
volume = "29",
number = "5",
pages = "415 - 427",
year = "2005",
note = "",
issn = "0955-7997",
doi = "http://dx.doi.org/10.1016/j.enganabound.2005.01.007",
author = "Riki Honda"
}




@INPROCEEDINGS{Chen2007, 
author={Quan Chen and Ngai Wong}, 
booktitle={Circuits and Systems, 2007. MWSCAS 2007. 50th Midwest Symposium on}, 
title={An efficient stochastic integral equation method for modeling the influence of conductor surface roughness on interconnect ohmic loss}, 
year={2007}, 
pages={1417-1420}, 
keywords={Monte Carlo methods;integral equations;integrated circuit interconnections;integrated circuit modelling;stochastic processes;surface roughness;Monte-Carlo simulation;conductor surface roughness;high-frequency analog circuits;high-frequency digital circuits;interconnect ohmic loss;stochastic integral equation method;Computational modeling;Conductors;Digital circuits;Electronic design automation and methodology;Integral equations;Integrated circuit interconnections;Rough surfaces;Skin;Stochastic processes;Surface roughness}, 
doi={10.1109/MWSCAS.2007.4488811}, 
ISSN={1548-3746}, 
month={Aug},}


@inproceedings{Zhu2004,
title={A stochastic integral equation method for modeling the rough surface effect on interconnect capacitance},
author={Zhu, Zhenhai and White, Jacob and Demir, Alper},
booktitle={Proceedings of the 2004 IEEE/ACM International conference on Computer-aided design},
pages={887--891},
year={2004},
organization={IEEE Computer Society}
}


@article{Agarwal2007,
title = "A stochastic {L}agrangian approach for geometrical uncertainties in electrostatics ",
journal = "Journal of Computational Physics ",
volume = "226",
number = "1",
pages = "156 - 179",
year = "2007",
note = "",
issn = "0021-9991",
doi = "http://dx.doi.org/10.1016/j.jcp.2007.03.026",
author = "Nitin Agarwal and N.R. Aluru",
keywords = "Spectral stochastic boundary element method (SSBEM)",
keywords = "Polynomial chaos",
keywords = "Lagrangian electrostatic analysis",
keywords = "Geometrical uncertainty "
}




@article{Castrillon2014,
  title={A Sparse Grid Collocation Method For Parabolic PDEs with random domain deformations},
  author={Castrill\'on-Cand\'as, Julio E},
  journal={arXiv preprint arXiv:1408.6818},
  year={2014}
}


@article{Castrillon2015,
author = "Julio E. Castrill\'on-Cand\'as and Fabio Nobile and Raúl F. Tempone",
title = "Analytic regularity and collocation approximation for elliptic {PDE}s with random domain deformations",
journal = "Computers \& Mathematics with Applications",
volume = "71",
number = "6",
pages = "1173 - 1197",
year = "2016",
issn = "0898-1221",
doi = "https://doi.org/10.1016/j.camwa.2016.01.005"
}


@article{Harbrecht2014,
  title={Numerical solution of elliptic diffusion problems on random domains},
  author={Harbrecht, Hemut and Peters, Michael and Siebenmorgen, Markus},
  journal={Preprint, Mathematisches Institut, Universitt Basel, Switzerland},
  year={2014}
}


@article{Savvas2014,
doi	= {10.1007/s00466-014-1053-x},
title	= {Homogenization of random heterogeneous media with inclusions of arbitrary shape modeled by {XFEM}},
author	= {Savvas, Dimitris and Stefanou, George and Papadrakakis, Manolis and Deodatis, George},
publisher	= {Springer},
journal	= {Computational Mechanics},
issnp	= {0178-7675},
issne	= {1432-0924},
year	= {2014},
month	= {11},
volume	= {54},
issue	= {5},
page	= {1221--1235}
}


@article{Tartakovsky2006a,
title = "Stochastic analysis of transport in tubes with rough walls ",
journal = "Journal of Computational Physics ",
volume = "217",
number = "1",
pages = "248 - 259",
year = "2006",
issn = "0021-9991",
doi = "http://dx.doi.org/10.1016/j.jcp.2006.02.029",
author = "Daniel M. Tartakovsky and Dongbin Xiu"
}




@article{Canuto2009,
  title={Numerical solution of partial differential equations in random domains: An application to wind engineering},
  author={Canuto, Claudio and Fransos, Davide},
  journal={Communications in Computational Physics},
  volume={5},
  number={2-4},
  pages={515--531},
  year={2009},
  publisher={Citeseer}
}


@article {Kundu2014,
author = {Kundu, A. and Adhikari, S. and Friswell, M. I.},
title = {Stochastic finite elements of discretely parameterized random systems on domains with boundary uncertainty},
journal = {International Journal for Numerical Methods in Engineering},
volume = {100},
number = {3},
issn = {1097-0207},
doi = {10.1002/nme.4733},
pages = {183--221},
year = {2014},
}


@article {Mohan2011,
author = {Mohan, P. Surya and Nair, Prasanth B. and Keane, Andy J.},
title = {Stochastic projection schemes for deterministic linear elliptic partial differential equations on random domains},
journal = {International Journal for Numerical Methods in Engineering},
volume = {85},
number = {7},
publisher = {John Wiley & Sons, Ltd.},
issn = {1097-0207},
doi = {10.1002/nme.3004},
pages = {874--895},
year = {2011}
}


@article{Babuska2003,
doi="10.1007/s002110200400",
author	= {Babu{\v{s}}ka, Ivo and Chleboun, Jan},
title="Effects of uncertainties in the domain on the solution of {D}irichlet boundary value problems",
journal="Numerische Mathematik",
volume="93",
number="4",
year	= "2003",
pages="583--610",
url={http://dx.doi.org/10.1007/s002110200400}
}


@article{Babuska2001,
doi	= {10.1090/S0025-5718-01-01359-X},
title	= {Effects  of uncertainties    in the  domain on the solution   of {N}eumann boundary  value  problems   in two spatial dimensions},
author	= {Babu{\u{s}}ka, Ivo and Chleboun, Jan},
publisher	= {American Mathematical Society},
journal	= {Mathematics of Computation},
year	= {2001},
volume	= {71},
issue	= {240},
pages	= {1339--1371}
}



@article{Nouy2008,
title = "An extended stochastic finite element method for solving stochastic partial differential equations on random domains ",
journal = "Computer Methods in Applied Mechanics and Engineering ",
volume = "197",
number = "51–52",
pages = "4663 - 4682",
year = "2008",
note = "",
issn = "0045-7825",
doi = "http://dx.doi.org/10.1016/j.cma.2008.06.010",
author = "A. Nouy and A. Clément and F. Schoefs and N. Moës",
}


@Article{Canuto2007,
author="Canuto, Claudio and Kozubek, Tomas",
title="A fictitious domain approach to the numerical solution of {PDE}s in stochastic domains",
journal="Numerische Mathematik",
year="2007",
volume="107",
number="2",
pages="257--293",
issn="0945-3245",
doi="10.1007/s00211-007-0086-x"
}


@article{Tartakovsky2006b,
author = {Dongbin Xiu and Daniel M. Tartakovsky},
title = {Numerical Methods for Differential Equations in Random Domains},
journal = {SIAM Journal on Scientific Computing},
volume = {28},
number = {3},
pages = {1167-1185},
year = {2006},
doi = {10.1137/040613160}
}


@Article{Harbrecht2008,
author="Harbrecht, Helmut and Schneider, Reinhold and Schwab, Christoph",
title="Sparse second moment analysis for elliptic problems in stochastic domains",
journal="Numerische Mathematik",
year="2008",
volume="109",
number="3",
pages="385--414",
issn="0945-3245",
doi="10.1007/s00211-008-0147-9"
}

@book{sauter2010boundary,
  title={Boundary element methods},
  author={Sauter, Stefan A and Schwab, Christoph},
  series={Springer Series in Computational Mathematics},
  volume={39},
  year={2010},
  publisher={Springer, Berlin, Heidelberg}
}

@book{steinbach2007numerical,
  title={Numerical approximation methods for elliptic boundary value problems: finite and boundary elements},
  author={Steinbach, Olaf},
  year={2007},
  publisher={Springer Science \& Business Media}
}